% ----------------------------------------------------------------------------------------
% --------------------------------------    1610    --------------------------------------
% ----------------------------------------------------------------------------------------

@book{galilei1610sidereus,
  title  = {Sidereus Nuncius},
  author = {Galilei, Galileo},

  year   = {1610}
}



% ----------------------------------------------------------------------------------------
% --------------------------------------    1855    --------------------------------------
% ----------------------------------------------------------------------------------------

@book{snow1855mode,
  title     = {On the Mode of Communication of Cholera},
  author    = {Snow, John},

  publisher = {John Churchill},

  year      = {1855}
}



% ----------------------------------------------------------------------------------------
% --------------------------------------    1896    --------------------------------------
% ----------------------------------------------------------------------------------------

@article{rontgen1896xray,
  title     = {On a New Kind of Rays},
  author    = {R{\"o}ntgen, Wilhelm Conrad},

  journal   = {Science},
  publisher = {American Association for the Advancement of Science},
  volume    = {3},
  number    = {59},
  pages     = {227--231},

  doi       = {10.1126/science.3.59.227},
  issn      = {0036-8075},
  url       = {http://science.sciencemag.org/content/3/59/227},
  eprint    = {http://science.sciencemag.org/content/3/59/227.full.pdf},
  
  year      = {1896}
}



% ----------------------------------------------------------------------------------------
% --------------------------------------    1922    --------------------------------------
% ----------------------------------------------------------------------------------------

@article{wertheimer1922untersuchungen,
  title     = {{Untersuchungen zur Lehre von der Gestalt}},
  author    = {Wertheimer, Max},

  journal   = {Psychologische Forschung},
  publisher = {Springer},
  volume    = {1},
  number    = {1},
  pages     = {47--58},

  year      = {1922}
}



% ----------------------------------------------------------------------------------------
% --------------------------------------    1923    --------------------------------------
% ----------------------------------------------------------------------------------------

@article{wertheimer1923untersuchungen,
  title     = {{Untersuchungen zur Lehre von der Gestalt II}},
  author    = {Wertheimer, Max},

  journal   = {Psychologische Forschung},
  publisher = {Springer},
  volume    = {4},
  number    = {1},
  pages     = {301--350},

  year      = {1923}
}



% ----------------------------------------------------------------------------------------
% --------------------------------------    1932    --------------------------------------
% ----------------------------------------------------------------------------------------

@article{likert1932technique,
  title   = {A Technique for the Measurement of Attitudes},
  author  = {Likert, Rensis},

  journal = {Archives of psychology},

  year    = {1932}
}



% ----------------------------------------------------------------------------------------
% --------------------------------------    1938    --------------------------------------
% ----------------------------------------------------------------------------------------

@article{wertheimer1923laws,
  title     = {Laws of Organization in Perceptual Forms},
  author    = {Wertheimer, Max},

  publisher = {Kegan Paul, Trench, Trubner \& Company},

  year      = {1938}
}



% ----------------------------------------------------------------------------------------
% --------------------------------------    1949    --------------------------------------
% ----------------------------------------------------------------------------------------

@article{shannon1949communication,
  title     = {Communication in the Presence of Noise},
  author    = {Shannon, Claude Elwood},

  journal   = {Proceedings of the IRE},
  publisher = {IEEE},
  volume    = {37},
  number    = {1},
  pages     = {10--21},

  year      = {1949}
}



% ----------------------------------------------------------------------------------------
% --------------------------------------    1968    --------------------------------------
% ----------------------------------------------------------------------------------------

@article{hart1968formal,
  title     = {A Formal Basis for the Heuristic Determination of Minimum Cost Paths},
  author    = {Hart, Peter E and Nilsson, Nils J and Raphael, Bertram},

  journal   = {IEEE Transactions on Systems Science and Cybernetics},
  publisher = {IEEE},
  volume    = {4},
  number    = {2},
  pages     = {100--107},

  year      = {1968}
}



% ----------------------------------------------------------------------------------------
% --------------------------------------    1970    --------------------------------------
% ----------------------------------------------------------------------------------------

@inproceedings{royce1970managing,
  title        = {Managing the Development of Large Software Systems},
  author       = {Royce, Winston W},

  booktitle    = {Proceedings of IEEE WESCON},
  organization = {Los Angeles},
  volume       = {26},
  number       = {8},
  pages        = {328--338},

  year         = {1970}
}



% ----------------------------------------------------------------------------------------
% --------------------------------------    1971    --------------------------------------
% ----------------------------------------------------------------------------------------

@article{damadian1971tumor,
  title  = {Tumor Detection by Nuclear Magnetic Resonance},
  author = {Damadian, Raymond},

  year   = {1971}
}



% ----------------------------------------------------------------------------------------
% --------------------------------------    1974    --------------------------------------
% ----------------------------------------------------------------------------------------

@article{catmull1974class,
  title   = {A Class of Local Interpolating Splines},
  author  = {Catmull, Edwin and Rom, Raphael},

  journal = {Computer aided geometric design},
  pages   = {317--326},
  volume  = {74},

  year    = {1974}
}

% ----------------------------------------------------------------------------------------
% --------------------------------------    1975    --------------------------------------
% ----------------------------------------------------------------------------------------

@book{hartigan75kmeans,
  title     = {Clustering Algorithms},
  author    = {Hartigan, J.A.},

  publisher = {New York: Wiley},

  year      = {1975}
}


@article{phong1975illumination,
  title     = {Illumination for Computer Generated Pictures},
  author    = {Phong, Bui Tuong},

  journal   = {Communications of the ACM},
  publisher = {ACM},
  volume    = {18},
  number    = {6},
  pages     = {311--317},

  year      = {1975}
}



% ----------------------------------------------------------------------------------------
% --------------------------------------    1976    --------------------------------------
% ----------------------------------------------------------------------------------------

@article{bathe1976numerical,
  title     = {Numerical Methods in Finite Element Analysis},
  author    = {Bathe, Klaus-J{\"u}rgen and Wilson, Edward L},

  publisher = {Prentice-Hall Englewood Cliffs, NJ},

  year      = {1976}
}



% ----------------------------------------------------------------------------------------
% --------------------------------------    1980    --------------------------------------
% ----------------------------------------------------------------------------------------

@article{ericsson1980verbal,
  title     = {Verbal Reports as Data},
  author    = {Ericsson, K Anders and Simon, Herbert A},

  journal   = {Psychological Review},
  publisher = {American Psychological Association},
  volume    = {87},
  number    = {3},
  pages     = {215},

  year      = {1980}
}


@article{hounsfield1980computed,
  title     = {Computed Medical Imaging},
  author    = {Hounsfield, Godfrey N},

  journal   = {Medical Physics},
  publisher = {Wiley Online Library},
  volume    = {7},
  number    = {4},
  pages     = {283--290},

  year      = {1980}
}



% ----------------------------------------------------------------------------------------
% --------------------------------------    1982    --------------------------------------
% ----------------------------------------------------------------------------------------

@article{morrison1982powers,
  title   = {Powers of Ten: A Book about the Relative Size of Things in the Universe and the Effect of Adding Another Zero},
  author  = {Morrison, Philip and Morrison, Phylis},

  journal = {Redding, Conn.: Scientific American Library; San Francisco: Distributed by WH Freeman, c1982.},

  year    = {1982}
}



% ----------------------------------------------------------------------------------------
% --------------------------------------    1983    --------------------------------------
% ----------------------------------------------------------------------------------------

@book{tufte1983visual,
  title     = {The Visual Display of Quantitative Information},
  author    = {Tufte, Edward R and Graves-Morris, PR},

  publisher = {Graphics press Cheshire, CT},
  volume    = {2},
  number    = {9},

  year      = {1983}
}



% ----------------------------------------------------------------------------------------
% --------------------------------------    1987    --------------------------------------
% ----------------------------------------------------------------------------------------

@misc{mccormick1987visualization,
  title     = {Visualization in Scientific Computing},
  author    = {McCormick, Bruce H and DeFanti, Thomas A and Brown, Maxine D},

  journal   = {IEEE Computer Graphics and Applications},
  publisher = {IEEE COMPUTER SOC 10662 LOS VAQUEROS CIRCLE, PO BOX 3014, LOS ALAMITOS, CA 90720-1264},
  volume    = {7},
  number    = {10},
  pages     = {69--69},

  year      = {1987}
}



% ----------------------------------------------------------------------------------------
% --------------------------------------    1988    --------------------------------------
% ----------------------------------------------------------------------------------------

@inproceedings{drebin1988volume,
  title        = {Volume Rendering},
  author       = {Drebin, Robert A and Carpenter, Loren and Hanrahan, Pat},

  booktitle    = {ACM Siggraph Computer Graphics},
  organization = {ACM},
  volume       = {22},
  number       = {4},
  pages        = {65--74},

  year         = {1988}
}


@article{levoy1988display,
  title     = {Display of Surfaces from Volume Data},
  author    = {Levoy, Marc},

  journal   = {IEEE Computer Graphics and Applications},
  publisher = {IEEE},
  volume    = {8},
  number    = {3},
  pages     = {29--37},

  year      = {1988}
}


@article{lenz1988methods,
  title   = {Methods for Microstimulation and Recording of Single Neurons and Evoked Potentials in the Human Central Nervous System},
  author  = {Lenz, FA and Dostrvsky, JO and Kwan, HC and others},

  journal = {Journal of Neurosurgery},
  volume  = {68},
  number  = {4},
  pages   = {630--634},

  year    = {1988}
}


@article{sabella1988rendering,
  title     = {A Rendering Algorithm for Visualizing {3D} Scalar Fields},
  author    = {Sabella, Paolo},

  journal   = {ACM SIGGRAPH computer graphics},
  publisher = {ACM},
  volume    = {22},
  number    = {4},
  pages     = {51--58},

  year      = {1988}
}



% ----------------------------------------------------------------------------------------
% --------------------------------------    1990    --------------------------------------
% ----------------------------------------------------------------------------------------

@article{haber1990visualization,
  title   = {Visualization Idioms: A Conceptual Model for Scientific Visualization Systems},
  author  = {Haber, Robert B and McNabb, David A},

  journal = {Visualization in scientific computing},
  volume  = {74},
  pages   = {93},

  year    = {1990}
}


@article{guenter90arclength,
  title   = {Computing the Arc Length of Parametric Curves},
  author  = {Guenter, B. and Parent, R.},

  journal = {Computer Graphics \& Applications},

  year    = {1990}
}


@article{levoy1990efficient,
  title     = {Efficient Ray Tracing of Volume Data},
  author    = {Levoy, Marc},

  journal   = {ACM Transactions on Graphics (TOG)},
  publisher = {ACM},
  volume    = {9},
  number    = {3},
  pages     = {245--261},

  year      = {1990}
}


@article{westover1990footprint,
  title     = {Footprint Evaluation for Volume Rendering},
  author    = {Westover, Lee},

  journal   = {ACM Siggraph Computer Graphics},
  publisher = {ACM},
  volume    = {24},
  number    = {4},
  pages     = {367--376},

  year      = {1990}
}


@article{wihelms1990direct,
  title     = {Direct Volume Rendering of Curvilinear Volumes},
  author    = {Wihelms, Jane and Challinger, Judy and Alper, Naim and Ramamoorthy, Shankar and Vaziri, Arsi},

  journal   = {ACM SIGGRAPH Computer Graphics},
  publisher = {ACM},
  volume    = {24},
  number    = {5},
  pages     = {41--47},

  year      = {1990}
}



% ----------------------------------------------------------------------------------------
% --------------------------------------    1991    --------------------------------------
% ----------------------------------------------------------------------------------------

@article{tufte1991envisioning,
  title     = {Envisioning Information},
  author    = {Tufte, Edward R},

  journal   = {Optometry \& Vision Science},
  publisher = {LWW},
  volume    = {68},
  number    = {4},
  pages     = {322--324},

  year      = {1991}
}



% ----------------------------------------------------------------------------------------
% --------------------------------------    1992    --------------------------------------
% ----------------------------------------------------------------------------------------

@inproceedings{danskin1992fast,
  title        = {Fast Algorithms for Volume Ray Tracing},
  author       = {Danskin, John and Hanrahan, Pat},

  booktitle    = {Proceedings of the 1992 workshop on volume visualization},
  organization = {ACM},
  pages        = {91--98},

  year         = {1992}
}


@article{young1992three,
  title   = {Three-Dimensional Motion and Deformation of the Heart Wall: Estimation with Spatial Modulation of Magnetization---A Model-Based Approach.},
  author  = {Young, Alistair A and Axel, Leon},

  journal = {Radiology},
  volume  = {185},
  number  = {1},
  pages   = {241--247},

  year    = {1992}
}



% ----------------------------------------------------------------------------------------
% --------------------------------------    1993    --------------------------------------
% ----------------------------------------------------------------------------------------

@article{lewis1993task,
  title   = {Task-Centered User Interface Design},
  author  = {Lewis, Clayton and Rieman, John},

  journal = {A Practical Introductio},

  year    = {1993}
}


@inproceedings{yagel1993accelerating,
  title    = {Accelerating Volume Animation by Space-Leaping},
  author   = {R. Yagel and Z. Shi},

  booktitle= {Visualization, 1993. Visualization '93, Proceedings., IEEE Conference on},
  pages    = {62-69},
  doi      = {10.1109/VISUAL.1993.398852},

  year     = {1993}
}



% ----------------------------------------------------------------------------------------
% --------------------------------------    1994    --------------------------------------
% ----------------------------------------------------------------------------------------

@article{nielsen1994heuristic,
  title   = {Heuristic Evaluation},
  author  = {Nielsen, Jakob},

  journal = {Usability inspection methods},
  volume  = {17},
  number  = {1},
  pages   = {25--62},

  year    = {1994}
}



% ----------------------------------------------------------------------------------------
% --------------------------------------    1995    --------------------------------------
% ----------------------------------------------------------------------------------------

@article{max1995optical,
  title     = {Optical Models for Direct Volume Rendering},
  author    = {Max, Nelson},

  journal   = {IEEE Transactions on Visualization and Computer Graphics},
  publisher = {IEEE},
  volume    = {1},
  number    = {2},
  pages     = {99--108},

  year      = {1995}
}


@inproceedings{mcgrath1995methodology,
  title        = {Methodology Matters: Doing Research in the Behavioral and Social Sciences},
  author       = {Mcgrath, E},

  booktitle    = {Readings in Human-Computer Interaction: Toward the year 2000 (2nd ed},
  organization = {Citeseer},

  year         = {1995}
}


@article{russell1995modern,
  title   = {A Modern Approach},
  author  = {Russell, Stuart and Norvig, Peter and Intelligence, Artificial},

  journal = {Artificial Intelligence. Prentice-Hall, Egnlewood Cliffs},
  volume  = {25},
  pages   = {27},

  year    = {1995}
}


@article{young1995tracking,
  title     = {Tracking and Finite Element Analysis of Stripe Deformation in Magnetic Resonance Tagging},
  author    = {Young, Alistair A and Kraitchman, Dara L and Dougherty, Lawrence and Axel, Leon},

  journal   = {IEEE Transactions on Medical Imaging},
  publisher = {IEEE},
  volume    = {14},
  number    = {3},
  pages     = {413--421},

  year      = {1995}
}



% ----------------------------------------------------------------------------------------
% --------------------------------------    1996    --------------------------------------
% ----------------------------------------------------------------------------------------

@article{acton1996ancillary,
  title     = {Ancillary Data Services of {NASA}'s Navigation and Ancillary Information Facility},
  author    = {Acton, Charles H},

  journal   = {Planetary and Space Science},
  publisher = {Elsevier},
  volume    = {44},
  number    = {1},
  pages     = {65--70},

  year      = {1996}
}


@inproceedings{shneiderman1996eyes,
  title        = {The Eyes Have It: A Task by Data Type Taxonomy for Information Visualizations},
  author       = {Shneiderman, Ben},

  booktitle    = {Visual Languages, 1996. Proceedings., IEEE Symposium on},
  organization = {IEEE},
  pages        = {336--343},

  year         = {1996}
}



% ----------------------------------------------------------------------------------------
% --------------------------------------    1997    --------------------------------------
% ----------------------------------------------------------------------------------------

@inproceedings{pausch1997quantifying,
  title        = {Quantifying Immersion in Virtual Reality},
  author       = {Pausch, Randy and Proffitt, Dennis and Williams, George},

  booktitle    = {Proceedings of the 24th annual conference on Computer graphics and interactive techniques},
  organization = {ACM Press/Addison-Wesley Publishing Co.},
  pages        = {13--18},

  year         = {1997}
}



% ----------------------------------------------------------------------------------------
% --------------------------------------    1998    --------------------------------------
% ----------------------------------------------------------------------------------------

@article{sabol1998analysis,
  title   = {Analysis of the {Telstar}-401/{GOES}-10 Close Approach using the {Raven} Telescope},
  author  = {Sabol, Chris and Burns, Richard and Wallace, Scott},

  journal = {Spaceflight mechanics 1998},
  pages   = {317--332},

  year    = {1998}
}


@inproceedings{westermann1998efficiently,
  title        = {Efficiently using Graphics Hardware in Volume Rendering Applications},
  author       = {Westermann, R{\"u}diger and Ertl, Thomas},

  booktitle    = {Proceedings of the 25th annual conference on Computer graphics and interactive techniques},
  organization = {ACM},
  pages        = {169--177},

  year         = {1998}
}



% ----------------------------------------------------------------------------------------
% --------------------------------------    1999    --------------------------------------
% ----------------------------------------------------------------------------------------

@book{card1999readings,
  title     = {Readings in Information Visualization: Using Vision to Think},
  author    = {Card, Stuart K and Mackinlay, Jock D and Shneiderman, Ben},

  publisher = {Morgan Kaufmann},

  year      = {1999}
}


@article{konig1999multiple,
  title     = {Multiple Views and Magic Mirrors-f{MRI} Visualization of the Human Brain},
  author    = {K{\"o}nig, Andreas H and Doleisch, Helmut and Gr{\"o}ller, Eduard and others},

  publisher = {Citeseer},

  year      = {1999}
}


@article{mulder1999survey,
  title     = {A Survey of Computational Steering Environments},
  author    = {Mulder, Jurriaan D and van Wijk, Jarke J and van Liere, Robert},

  journal   = {Future generation computer systems},
  publisher = {Elsevier},
  volume    = {15},
  number    = {1},
  pages     = {119--129},

  year      = {1999}
}


@article{pirjola1999power,
  title     = {Power and Pipelines (Ground Systems)},
  author    = {Pirjola, Risto and Viljanen, Ari and Amm, Olaf and Pulkkinen, Antti},

  publisher = {Citeseer},

  year      = {1999}
}

@inproceedings{shen1999fast,
  title        = {A Fast Volume Rendering Algorithm for Time-Varying Fields Using a Time-Space Partitioning ({TSP}) Tree},
  author       = {Shen, Han-Wei and Chiang, Ling-Jen and Ma, Kwan-Liu},

  booktitle    = {Proceedings of the conference on Visualization'99: celebrating ten years},
  organization = {IEEE Computer Society Press},
  pages        = {371--377},

  year         = {1999}
}



% ----------------------------------------------------------------------------------------
% --------------------------------------    2000    --------------------------------------
% ----------------------------------------------------------------------------------------

@inproceedings{wang2000guidelines,
  title        = {Guidelines for Using Multiple Views in Information Visualization},
  author       = {Wang Baldonado, Michelle Q and Woodruff, Allison and Kuchinsky, Allan},

  booktitle    = {Proceedings of the working conference on Advanced visual interfaces},
  organization = {ACM},
  pages        = {110--119},

  year         = {2000}
}



% ----------------------------------------------------------------------------------------
% --------------------------------------    2001    --------------------------------------
% ----------------------------------------------------------------------------------------

@article{everitt2001hardware,
  title   = {Hardware Shadow Mapping},
  author  = {Everitt, Cass and Rege, Ashu and Cebenoyan, Cem},

  journal = {White paper, nVIDIA},
  volume  = {2},

  year    = {2001}
}


@article{everitt2001interactive,
  title   = {Interactive Order-Independent Transparency},
  author  = {Everitt, Cass},

  journal = {White paper, nVIDIA},
  volume  = {2},
  number  = {6},
  pages   = {7},

  year    = {2001}
}


@article{everitt2001projective,
  title   = {Projective Texture Mapping},
  author  = {Everitt, Cass},

  journal = {White paper, NVidia Corporation},
  volume  = {4},

  year    = {2001}
}


@article{knowles2001effect,
  title     = {The Effect of Atmospheric Drag on Satellite Orbits during the {Bastille Day} Event},
  author    = {Knowles, SH and Picone, JM and Thonnard, SE and Nicholas, AC},

  journal   = {Solar Physics},
  publisher = {Springer},
  volume    = {204},
  number    = {1},
  pages     = {387--397},

  year      = {2001}
}



% ----------------------------------------------------------------------------------------
% --------------------------------------    2002    --------------------------------------
% ----------------------------------------------------------------------------------------

@article{benazzouz2002intraoperative,
  title     = {Intraoperative Microrecordings of the Subthalamic Nucleus in {Parkinson}'s Disease},
  author    = {Benazzouz, Abdelhamid and Breit, Sorin and Koudsie, Adnan and Pollak, Pierre and Krack, Paul and Benabid, Alim-Louis},

  journal   = {Movement disorders},
  publisher = {Wiley Online Library},
  volume    = {17},
  number    = {S3},
  pages     = {S145--S149},

  year      = {2002}
}


@article{lindberg2002impact,
  title   = {Impact of Thalamic Deep Brain Stimulation on Disability and Health-Related Quality of Life in Patients with Essential Tremor},
  author  = {Hariz, G-M and Lindberg, M and Bergenheim, A T},

  journal = {journal of Neurology, Neurosurgery and Psychiatry},
  volume  = {72},
  pages   = {47--52},

  year    = {2002}
}


@article{starr2002implantation,
  title   = {Implantation of Deep Brain Stimulators into the Subthalamic Nucleus: Technical Approach and Magnetic Resonance Imaging-Verified Lead Locations},
  author  = {Starr, PA and Christine, CW and Theodosopoulos, PV and others},

  journal = {journal of neurosurgery},
  volume  = {97},
  number  = {2},
  pages   = {370--87},

  year    = {2002}
}


@article{tory2002model,
  title   = {A Model-Based Visualization Taxonomy},
  author  = {Tory, Melanie and M{\"o}ller, Torsten},

  journal = {school of Computing Science, Simon Fraser University},

  year    = {2002}
}


@inproceedings{ulrich2002rendering,
  title     = {Rendering Massive Terrains using Chunked Level of Detail Control},
  author    = {Ulrich, Thatcher},

  booktitle = {Proc. ACM SIGGRAPH 2002},

  year      = {2002}
}



% ----------------------------------------------------------------------------------------
% --------------------------------------    2003    --------------------------------------
% ----------------------------------------------------------------------------------------

@article{abraham03clustering,
  title   = {Unsupervised Curve Clustering using {B}-Splines},
  author  = {Abraham, C. and Cornillion, P. and {Matzner-L{\o}ber}, E. and Molinari, N.},

  journal = {Scandinavian journal of Statistics},
  volume  = {30},
  number  = {3},
  pages   = {581--595},

  year    = {2003}
}


@article{kosara2003thoughts,
  title     = {Thoughts on User Studies: Why, How, and When},
  author    = {Kosara, Robert and Healey, Christopher G and Interrante, Victoria and Laidlaw, David H and Ware, Colin},

  journal   = {IEEE Computer Graphics and Applications},
  publisher = {Citeseer},
  volume    = {23},
  number    = {4},
  pages     = {20--25},

  year      = {2003}
}


@inproceedings{kruger2003acceleration,
  title        = {Acceleration Techniques for {GPU}-Based Volume Rendering},
  author       = {Kruger, Jens and Westermann, R{\"u}diger},

  booktitle    = {Proceedings of the 14th IEEE Visualization 2003 (VIS'03)},
  organization = {IEEE Computer Society},
  pages        = {38},

  year         = {2003}
}


@article{martelli2003criteria,
  title     = {Criteria of Interface Evaluation for Computer Assisted Surgery Systems},
  author    = {Martelli, Sandra and Nofrini, Laura and Vendruscolo, Paolo and Visani, Andrea},

  journal   = {International journal of medical informatics},
  publisher = {Elsevier},
  volume    = {72},
  number    = {1},
  pages     = {35--45},

  year      = {2003}
}


@inproceedings{rhyne2003information,
  title        = {Information and Scientific Visualization: Separate but Equal or Happy Together at Last},
  author       = {Rhyne, Theresa-Marie and Tory, Melanie and Munzner, Tamara and Ward, Matthew O and Johnson, Chris R and Laidlaw, David H},

  booktitle    = {IEEE Visualization},
  organization = {Seattle},
  volume       = {3},
  pages        = {611--614},

  year         = {2003}
}


@inproceedings{tory2003mental,
  title        = {Mental Registration of {2D} and {3D} Visualizations (An Empirical Study)},
  author       = {Tory, Melanie},

  booktitle    = {Proceedings of the 14th IEEE Visualization 2003 (VIS'03)},
  organization = {IEEE Computer Society},
  pages        = {49},

  year         = {2003}
}


@article{victor2003iterative,
  title   = {Iterative and Incremental Development: A Brief History},
  author  = {Victor, R},

  journal = {IEEE Computer Society},
  pages   = {47--56},

  year    = {2003}
}


@article{wunsche2003visualization,
  title     = {The Visualization and Measurement of Left Ventricular Deformation using Finite Element Models},
  author    = {W{\"u}nsche, Burkhard and Young, Alistair A},

  journal   = {journal of Visual Languages \& Computing},
  publisher = {Elsevier},
  volume    = {14},
  number    = {4},
  pages     = {299--326},

  year      = {2003}
}



% ----------------------------------------------------------------------------------------
% --------------------------------------    2004    --------------------------------------
% ----------------------------------------------------------------------------------------

@article{dos2004gaining,
  title     = {Gaining Understanding of Multivariate and Multidimensional Data Through Visualization},
  author    = {Dos Santos, Selan and Brodlie, Ken},

  journal   = {Computers \& Graphics},
  publisher = {Elsevier},
  volume    = {28},
  number    = {3},
  pages     = {311--325},

  year      = {2004}
}


@inproceedings{lorensen2004death,
  title     = {On the Death of Visualization},
  author    = {Lorensen, Bill},

  booktitle = {Position Papers NIH/NSF Proc. Fall 2004 Workshop Visualization Research Challenges},
  number    = {2},
  volume    = {1},

  year      = {2004}
}


@inproceedings{plaisant2004challenge,
  title        = {The Challenge of Information Visualization Evaluation},
  author       = {Plaisant, Catherine},

  booktitle    = {Proceedings of the working conference on Advanced visual interfaces},
  organization = {ACM},
  pages        = {109--116},

  year         = {2004}
}


@article{richter2004determining,
  title   = {Determining the Position and Size of the Subthalamic Nucleus based on Magnetic Resonance Imaging Results in Patients with Advanced {Parkinson} Disease},
  author  = {Richter, E.O. and Hogue, T. and Halliday, W. and others},

  journal = {Journal of neurosurgery},
  volume  = {100},
  number  = {3},
  pages   = {541--546},

  year    = {2004}
}


@article{tory2004human,
  title     = {Human Factors in Visualization Research},
  author    = {Tory, Melanie and Moller, Torsten},

  journal   = {IEEE Transactions on Visualization and Computer Graphics},
  publisher = {IEEE},
  volume    = {10},
  number    = {1},
  pages     = {72--84},

  year      = {2004}
}



% ----------------------------------------------------------------------------------------
% --------------------------------------    2005    --------------------------------------
% ----------------------------------------------------------------------------------------

@article{dhaese2005computer,
  title   = {Computer-Aided Placement of Deep Brain Stimulators: From Planning to Intraoperative Guidance},
  author  = {D'Haese, PF and Cetinkaya, Ebru and Konrad, PE and others},

  journal = {IEEE Transactions on Medical Imaging},
  volume  = {24},
  number  = {11},
  pages   = {1469--1478},

  year    = {2005}
}


@inproceedings{hadwiger2005real,
  title        = {Real-Time Ray-Casting and Advanced Shading of Discrete Isosurfaces},
  author       = {Hadwiger, Markus and Sigg, Christian and Scharsach, Henning and B{\"u}hler, Khatja and Gross, Markus},

  booktitle    = {Computer Graphics Forum},
  organization = {Wiley Online Library},
  volume       = {24},
  number       = {3},
  pages        = {303--312},

  year         = {2005}
}


@inproceedings{stegmaier2005simple,
  title        = {A Simple and Flexible Volume Rendering Framework for Graphics-Hardware-Based Raycasting},
  author       = {Stegmaier, Simon and Strengert, Magnus and Klein, Thomas and Ertl, Thomas},

  booktitle    = {Fourth International Workshop on volume Graphics, 2005.},
  organization = {IEEE},
  pages        = {187--241},

  year         = {2005}
}


@article{tory2005evaluating,
  title     = {Evaluating Visualizations: Do Expert Reviews Work?},
  author    = {Tory, Melanie and Moller, Torsten},

  journal   = {Computer Graphics \& Applications},
  publisher = {IEEE},
  volume    = {25},
  number    = {5},
  pages     = {8--11},

  year      = {2005}
}


@inproceedings{van2005value,
  title        = {The Value of Visualization},
  author       = {Van Wijk, Jarke J},

  booktitle    = {VIS 05. IEEE Visualization, 2005.},
  organization = {IEEE},
  pages        = {79--86},

  year         = {2005}
}


@article{zhao2005alignment,
  title     = {Alignment of Continuous Video onto {3D} Point Clouds},
  author    = {Zhao, Wenyi and Nister, David and Hsu, Steve},

  journal   = {IEEE transactions on pattern analysis and machine intelligence},
  publisher = {IEEE},
  volume    = {27},
  number    = {8},
  pages     = {1305--1318},

  year      = {2005}
}



% ----------------------------------------------------------------------------------------
% --------------------------------------    2006    --------------------------------------
% ----------------------------------------------------------------------------------------

@article{colaninno2006analysis,
  title     = {Analysis of the velocity field of {CME}s using optical flow methods},
  author    = {Colaninno, Robin C and Vourlidas, Angelos},

  journal   = {The Astrophysical journal},
  publisher = {IOP Publishing},
  volume    = {652},
  number    = {2},
  pages     = {1747},

  year      = {2006}
}


@book{engel2006real,
  title     = {Real-Time Volume Graphics},
  author    = {Engel, Klaus and Hadwiger, Markus and Kniss, Joe and Rezk-Salama, Christof and Weiskopf, Daniel},

  publisher = {CRC Press},

  year      = {2006}
}


@book{luft2006image,
  title     = {Image Enhancement by Unsharp Masking the Depth Buffer},
  author    = {Luft, Thomas and Colditz, Carsten and Deussen, Oliver},

  publisher = {ACM},
  volume    = {25},
  number    = {3},

  year      = {2006}
}


@inproceedings{ljung2006adaptive,
  title     = {Adaptive Sampling in Single Pass, {GPU}-based Raycasting of multiresolution Volumes},
  author    = {Ljung, Patric},

  booktitle = {volume Graphics},
  publisher = {The Eurographics Association},
  doi       = {10.2312/VG/VG06/039-046},
  editor    = {Raghu Machiraju and Torsten Moeller},
  isbn      = {3-905673-41-X},
  issn      = {1727-8376},

  year      = {2006}
}


@article{north2006toward,
  title     = {Toward Measuring Visualization Insight},
  author    = {North, Chris},

  journal   = {Computer Graphics \& Applications},
  publisher = {IEEE},
  volume    = {26},
  number    = {3},
  pages     = {6--9},

  year      = {2006}
}


@article{van2006bridging,
  title     = {Bridging the Gaps},
  author    = {Van Wijk, Jarke J},

  journal   = {Computer Graphics \& Applications},
  publisher = {IEEE},
  volume    = {26},
  number    = {6},
  pages     = {6--9},

  year      = {2006}
}


@inproceedings{weiskopf2006scivis,
  title        = {SciVis, InfoVis --- Bridging the Community Divide},
  author       = {Weiskopf, Daniel and Ma, Kwan-Liu and van Wijk, Jarke J and Kosara, Robert and Hauser, Helwig},

  booktitle    = {Proceedings of the IEEE Visualization Conference. IEEE},
  organization = {Citeseer},

  year         = {2006}
}



% ----------------------------------------------------------------------------------------
% --------------------------------------    2007    --------------------------------------
% ----------------------------------------------------------------------------------------

@inproceedings{balabanian2007sonar,
  title     = {{Sonar Explorer}: A New Tool for Visualization of Fish Schools from {3D} Sonar Data},
  author    = {Balabanian, Jean-Paul and Viola, Ivan and Ona, Egil and Patel, Ruben and Gr{\"o}ller, Eduard},

  booktitle = {EuroVis},
  pages     = {155--162},

  year      = {2007}
}


@article{beyer2007high,
  title     = {High-Quality Multimodal Volume Rendering for Preoperative Planning of Neurosurgical Interventions},
  author    = {Beyer, Johanna and Hadwiger, Markus and Wolfsberger, Stefan and B{\"u}hler, Katja},

  journal   = {IEEE Transactions on Visualization and Computer Graphics},
  publisher = {IEEE},
  volume    = {13},
  number    = {6},
  pages     = {1696--1703},

  year      = {2007}
}


@article{borland2007rainbow,
  title   = {Rainbow Color Map (Still) Considered Harmful},
  author  = {Borland, David and Taylor II, Russell M},

  journal = {Computer Graphics \& Applications},
  volume  = {27},
  number  = {2},
  pages   = {14--17},

  year    = {2007}
}


@article{butson2007patient,
  title     = {Patient-Specific Analysis of the Volume of Tissue Activated during Deep Brain Stimulation},
  author    = {Butson, Christopher R and Cooper, Scott E and Henderson, Jaimie M and McIntyre, Cameron C},

  journal   = {Neuroimage},
  publisher = {Elsevier},
  volume    = {34},
  number    = {2},
  pages     = {661--670},

  year      = {2007}
}


@article{miocinovic2007stereotactic,
  title   = {Stereotactic Neurosurgical Planning, Recording, and Visualization for Deep Brain Stimulation in Non-Human Primates},
  author  = {Mio\v{c}inovi\'{c}, Svjetlana and Zhang, Jianyu and Xu, Weidong and others},

  journal = {Journal of Neuroscience Methods},
  volume  = {162},
  number  = {1-2},
  pages   = {32--41},

  year    = {2007}
}


@book{preim2007visualization,
  title     = {Visualization in Medicine: Theory, Algorithms, and Applications},
  author    = {Preim, Bernhard and Bartz, Dirk},

  publisher = {Morgan Kaufmann},

  year      = {2007}
}



% ----------------------------------------------------------------------------------------
% --------------------------------------    2008    --------------------------------------
% ----------------------------------------------------------------------------------------

@incollection{carpendale2008evaluating,
  title     = {Evaluating Information Visualizations},
  author    = {Carpendale, Sheelagh},

  booktitle = {Information Visualization},
  publisher = {Springer},
  pages     = {19--45},

  year      = {2008}
}



% ----------------------------------------------------------------------------------------
% --------------------------------------    2009    --------------------------------------
% ----------------------------------------------------------------------------------------

@article{benabid2009deep,
  title   = {Deep Brain Stimulation of the Subthalamic Nucleus for the Treatment of {P}arkinson's Disease},
  author  = {Benabid, Alim Louis and Chabardes, Stephan and Mitrofanis, John and Pollak, Pierre},

  journal = {Lancet neurology},
  volume  = {8},
  number  = {1},
  pages   = {67--81},
  issn    = {1474-4422},

  year    = {2009}
}


@article{meyer2009voreen,
  title     = {Voreen: A Rapid-Prototyping Environment for Ray-Casting-Based Volume Visualizations},
  author    = {Meyer-Spradow, Jennis and Ropinski, Timo and Mensmann, J{\"o}rg and Hinrichs, Klaus},

  journal   = {IEEE Computer Graphics and Applications},
  publisher = {IEEE},
  volume    = {29},
  number    = {6},
  pages     = {6--13},

  year      = {2009}
}


@article{munzner2009nested,
  title     = {A Nested Model for Visualization Design and Validation},
  author    = {Munzner, Tamara},

  journal   = {IEEE Transactions on Visualization and Computer Graphics},
  publisher = {IEEE},
  volume    = {15},
  number    = {6},
  pages     = {921--928},

  year      = {2009}
}



% ----------------------------------------------------------------------------------------
% --------------------------------------    2010    --------------------------------------
% ----------------------------------------------------------------------------------------

@article{shamir2010method,
  title   = {A Method for Planning Safe Trajectories in Image-Guided Keyhole Neurosurgery},
  author  = {Shamir, Reuben R and Tamir, Idit and Dabool, Elad and others},

  journal = {MICCAI},
  volume  = {13},
  number  = {Pt 3},
  pages   = {457--64},

  year    = {2010}
}


@inproceedings{max2010local,
  title        = {Local and Global Illumination in the Volume Rendering Integral},
  author       = {Max, Nelson and Chen, Min},

  booktitle    = {Dagstuhl Follow-Ups},
  organization = {Schloss Dagstuhl-Leibniz-Zentrum f\"ur Informatik},
  volume       = {1},

  year         = {2010}
}


@inproceedings{sun2010secrets,
  title        = {Secrets of Optical Flow Estimation and Their Principles},
  author       = {Sun, Deqing and Roth, Stefan and Black, Michael J},

  booktitle    = {Computer Vision and Pattern Recognition (CVPR), 2010 IEEE Conference on},
  organization = {IEEE},
  pages        = {2432--2439},

  year         = {2010}
}


@book{ward2010interactive,
  title     = {Interactive Data Visualization: Foundations, Techniques, and Applications},
  author    = {Ward, Matthew O and Grinstein, Georges and Keim, Daniel},

  publisher = {CRC Press},

  year      = {2010}
}



% ----------------------------------------------------------------------------------------
% --------------------------------------    2011    --------------------------------------
% ----------------------------------------------------------------------------------------

@book{cozzi20113d,
  title     = {{3D} Engine Design for Virtual Globes},
  author    = {Cozzi, Patrick and Ring, Kevin},

  publisher = {CRC Press},

  year      = {2011}
}


@inproceedings{rusu20113d,
  title        = {{3D} is Here: Point Cloud Library ({PCL})},
  author       = {Rusu, Radu Bogdan and Cousins, Steve},

  booktitle    = {Robotics and automation (ICRA), 2011 IEEE International Conference on},
  organization = {IEEE},
  pages        = {1--4},

  year         = {2011}
}



% ----------------------------------------------------------------------------------------
% --------------------------------------    2012    --------------------------------------
% ----------------------------------------------------------------------------------------

@article{bock12coherency,
  title   = {Coherency-Based Curve Compression for High-Order Finite Element Model Visualization},
  author  = {Bock, Alexander and Sund\'en, Erik and Liu, Bingchen and Wuensche, Burkhard and Ropinski, Timo},

  journal = {IEEE TVCG (SciVis Proceedings)},
  volume  = {18},
  number  = {12},
  pages   = {2315--2324},

  year    = {2012}
}


@inproceedings{forsell2012guide,
  title        = {A Guide to Reporting Scientific Evaluation in Visualization},
  author       = {Forsell, Camilla and Cooper, Matthew},

  booktitle    = {Proceedings of the International Working Conference on Advanced Visual Interfaces},
  organization = {ACM},
  pages        = {608--611},

  year         = {2012}
}


@inproceedings{liu12gpu,
  title     = {{GPU}-Accelerated Direct Volume Rendering of Finite Element Data Sets},
  author    = {Liu, Bingchen and Bock, Alexander and Ropinski, Timo and Nash, Martyn and Nielsen, Poul and Wuensche, Burkhard},

  booktitle = {Proceedings of the 27th Conference on Image and Vision Computing New Zealand},
  publisher = {ACM},
  pages     = {109--114},

  year      = {2012}
}


@inproceedings{nguyen12deriving,
  title     = {Deriving and Visualizing Uncertainty in Kinetic {PET} Modeling},
  author    = {Nguyen, Khoa Tan and Bock, Alexander and Ynnerman, Anders and Ropinski, Timo},

  booktitle = {Proceedings of the EG Visual Computing for Biology and Medicine},
  pages     = {107--114},

  year      = {2012}
}



% ----------------------------------------------------------------------------------------
% --------------------------------------    2013    --------------------------------------
% ----------------------------------------------------------------------------------------

@article{bock13guiding,
  title   = {Guiding Deep Brain Stimulation Interventions by Fusing Multimodal Uncertainty Regions},
  author  = {Bock, Alexander and Lang, Norbert and Evangelista , Gianpaolo and Lehrke, Ralph and Ropinski, Timo},

  journal = {Proceedings of the 2013 IEEE Pacific Visualization Symposium (PacificVis)},
  pages   = {97--104},

  year    = {2013}
}


@article{kirby2013visualization,
  title     = {Visualization Collaborations: What Works and Why},
  author    = {Kirby, Robert M and Meyer, Miriah},

  journal   = {IEEE Computer Graphics and Applications},
  publisher = {IEEE},
  volume    = {33},
  number    = {6},
  pages     = {82--88},

  year      = {2013}
}


@inproceedings{lindholm13poor,
  title     = {Poor Man's Rendering of Segmented Data},
  author    = {Lindholm, Stefan and Bock, Alexander},

  booktitle = {Proceedings of SIGRAD 2013, Visual Computing, June 13-14, 2013, Norrk{\"o}ping, Sweden},
  publisher = {Link{\"o}ping University Electronic Press},
  editor    = {Timo Ropinski and Jonas Unger},
  volume    = {094},
  pages     = {49--54},

  year      = {2013}
}


@article{liu2013robotic,
  title   = {Robotic Urban Search and Rescue: A Survey from the Control Perspective},
  author  = {Liu, Yugang and Nejat, Goldie},

  journal = {journal of Intelligent {\&} Robotic Systems},
  month   = {Nov},
  day     = {01},
  volume  = {72},
  number  = {2},
  pages   = {147--165},
  issn    = {1573-0409},
  doi     = {10.1007/s10846-013-9822-x},
  url     = {https://doi.org/10.1007/s10846-013-9822-x},

  year    = {2013}
}


@article{maynard2013solar,
  title  = {Solar Storm Risk to the {N}orth {A}merican Electric Grid},
  author = {Maynard, Trevor and Smith, Neil and Gonzalez, Sandra},

  journal= {Lloyd's},

  year   = {2013}
}


@article{moreland2013survey,
  title     = {A Survey of Visualization Pipelines},
  author    = {Moreland, Kenneth},

  journal   = {IEEE Transactions on Visualization and Computer Graphics},
  publisher = {Institute of Electrical and Electronics Engineers (IEEE)},
  month     = {Mar},
  volume    = {19},
  number    = {3},
  pages     = {367--378},
  url       = {http://dx.doi.org/10.1109/TVCG.2012.133},
  issn      = {1077-2626},
  doi       = {10.1109/tvcg.2012.133},

  year      = {2013}
}


@book{preim2013visual,
  title     = {Visual Computing for Medicine: Theory, Algorithms, and Applications},
  author    = {Preim, Bernhard and Botha, Charl P},

  publisher = {Newnes},

  year      = {2013}
}


@article{rungta2013manyvis,
  title     = {ManyVis: Multiple Applications in an Integrated Visualization Environment},
  author    = {Rungta, Atul and Summa, Brian and Demir, Dogan and Bremer, Peer-Timo and Pascucci, Valerio},

  journal   = {IEEE transactions on visualization and computer graphics},
  publisher = {IEEE},
  volume    = {19},
  number    = {12},
  pages     = {2878--2885},

  year      = {2013}
}


@misc{tornros2013interactive,
  title  = {Interactive Visualization of Space Weather Data},
  author = {T{\"o}rnros, Martin},

  year   = {2013}
}



% ----------------------------------------------------------------------------------------
% --------------------------------------    2014    --------------------------------------
% ----------------------------------------------------------------------------------------

@misc{bock14vcmass,
  title        = {{VCMass}: A Framework for Verification of Coronal Mass Ejection Ensemble Simulations},
  author       = {Bock, Alexander and Mays, M. Leila and Rastaetter, Lutz and Ynnerman, Anders and Ropinski, Timo},

  howpublished = {Poster at IEEE VIS 2014},

  year         = {2014}
}


@inproceedings{bock14supporting,
  title     = {Supporting Urban Search \& Rescue Mission Planning through Visualization-Based Analysis},
  author    = {Bock, Alexander and Kleiner, Alexander and Lundberg, Jonas and Ropinski, Timo},

  booktitle = {Vision, Modeling, and Visualization},

  year      = {2014}
}


@inproceedings{bock14interactive,
  title        = {An Interactive Visualization System for Urban Search \& Rescue Mission Planning},
  author       = {Bock, Alexander and Kleiner, Alexander and Lundberg, Jonas and Ropinski, Timo},

  booktitle    = {International Symposium on Safety, Security, and Rescue Robotics},
  organization = {IEEE},

  year         = {2014}
}


@inproceedings{brehmer2014visualizing,
  title        = {Visualizing Dimensionally-Reduced Data: Interviews with Analysts and a Characterization of Task Sequences},
  author       = {Brehmer, Matthew and Sedlmair, Michael and Ingram, Stephen and Munzner, Tamara},

  booktitle    = {Proceedings of the Fifth Workshop on Beyond Time and Errors: Novel Evaluation Methods for Visualization},
  organization = {ACM},
  pages        = {1--8},

  year         = {2014}
}


@article{jonsson14survey,
  title   = {{A Survey of Volumetric Illumination Techniques for Interactive Volume Rendering}},
  author  = {J{\"o}nsson, Daniel and Sund\'en, Erik and Ynnerman, Anders and Ropinski, Timo},

  journal = {Computer Graphics Forum},
  volume  = {33},
  number  = {1},
  pages   = {27--51},

  year    = {2014}
}


@article{lindholm14hybrid,
  title   = {{Hybrid Data Visualization Based On Depth Complexity Histogram Analysis}},
  author  = {Lindholm, Stefan and Falk, Martin and Sund\'en, Erik and Bock, Alexander and Ynnerman, Anders and Ropinski, Timo},

  journal = {Computer Graphics Forum},
  volume  = {34},
  number  = {1},
  pages   = {74--85},
  note    = {DOI: 10.1111/cgf.12460},

  year    = {2014}
}


@phdthesis{lindholm14medical,
  title  = {{Medical Volume Visualization Beyond Single Voxel Values}},
  author = {Lindholm, Stefan},

  school = {Link\"oping University},

  year   = {2014}
}


@book{munzner2014visualization,
  title     = {Visualization Analysis and Design},
  author    = {Munzner, Tamara},

  publisher = {CRC Press},

  year      = {2014}
}


@inproceedings{sunden14interaction,
  title     = {Interaction Techniques as a Communication Channel when Presenting {3D} Visualizations},
  author    = {Sund\'en, Erik and Bock, Alexander and J{\"o}nsson, Daniel and Ynnerman, Anders and Ropinski, Timo},

  booktitle = {IEEE VIS International Workshop on 3DVis},
  publisher = {IEEE Digital Library},

  year      = {2014}
}



% ----------------------------------------------------------------------------------------
% --------------------------------------    2015    --------------------------------------
% ----------------------------------------------------------------------------------------

@inproceedings{bock15visual,
  title     = {Visual Verification of Space Weather Ensemble Simulations},
  author    = {Bock, Alexander and Pembroke, Asher and Mays, M. Leila and Rastaetter, Lutz and Ynnerman, Anders and Ropinski, Timo},

  booktitle = {Proceedings of the IEEE Vis},

  year      = {2015}
}


@misc{bock15openspace,
  title        = {{OpenSpace}: Public Dissemination of Space Mission Profiles},
  author       = {Bock, Alexander and Marcinkowski, Michal and Kilby, Joakim and Emmart, Carter and Ynnerman, Anders},

  howpublished = {Poster at IEEE Vis},

  year         = {2015}
}


@misc{bock15bopenspace,
  title        = {{OpenSpace}: An Open-Source Framework for Data Visualization and Contextualization},
  author       = {Bock, Alexander and Pembroke, Asher and Mays, M. Leila and Ynnerman, Anders},

  howpublished = {Poster Presentation at American Geophysical Union, Fall Meeting},

  year         = {2015}
}


@article{dieckmann15shocks,
  title   = {Shocks in Unmagnetized Plasma with a Shear Flow: Stability and Magnetic Field Generation},
  author  = {Dieckmann, Mark Eric and Bock, Alexander and Ahmed, H and Doria, D and Sarri, Gianluca and Ynnerman, Anders and Borghesi, Marco},

  journal = {Journal of Plasma Physics},

  year    = {2015}
}


@article{mays2015ensemble,
  title     = {Ensemble Modeling of {CME}s Using the {WSA--ENLIL}+ Cone Model},
  author    = {Mays, ML and Taktakishvili, A and Pulkkinen, A and MacNeice, PJ and Rast{\"a}tter, L and Odstrcil, D and Jian, LK and Richardson, IG and LaSota, JA and Zheng, Y and others},

  journal   = {Solar Physics},
  volume    = {290},
  number    = {6},
  pages     = {1775--1814},
  publisher = {Springer},

  year      = {2015}
}



% ----------------------------------------------------------------------------------------
% --------------------------------------    2016    --------------------------------------
% ----------------------------------------------------------------------------------------

@inproceedings{bock16visualization,
  title        = {A Visualization-Based Analysis System for Urban Search \& Rescue Mission Planning Support},
  author       = {Bock, Alexander and Svensson, {\AA}sa and Kleiner, Alexander and Lundberg, Jonas and Ropinski, Timo},

  booktitle    = {Computer Graphics Forum},
  organization = {Wiley Online Library},

  year         = {2016}
}


@techreport{segal2016opengl,
  title       = {The {OpenGL} Graphics System: A Specification},
  author      = {Segal, Mark and Akeley, Kurt},

  institution = {The Khronos Group Inc},

  year        = {2016}
}



% ----------------------------------------------------------------------------------------
% --------------------------------------    2017    --------------------------------------
% ----------------------------------------------------------------------------------------

@inproceedings{bladin17globe,
  title     = {{Globe Browsing}: Contextualized Spatio-Temporal Planetary Surface Visualization},
  author    = {Bladin, Karl and Axelsson, Emil and Broberg, Erik and Emmart, Carter and Ljung, Patric and Bock, Alexander and Ynnerman, Anders},

  booktitle = {IEEE Transactions on Visualization and Computer Graphics},

  year      = {2017}
}


@inproceedings{bock17dynamic,
  title     = {{Dynamic Scene Graph}: Enabling Scaling, Positioning, and Navigation in the Universe},
  author    = {Axelsson, Emil and Costa, Jonathas and Silva, Cl{\'a}udio T. and Emmart, Carter and Bock, Alexander and Ynnerman, Anders},

  booktitle = {Computer Graphics Forum},

  year      = {2017}
}


@article{bock17openspace,
  title   = {{OpenSpace}: An Open-Source Astrovisualization Framework},
  author  = {Bock, Alexander and Axelsson, Emil and Bladin, Karl and Costa, Jonathas and Payne, Gene and Territo, Matthew and Kilby, Joakim and Myers, Eric and Kuznetsova, Masha Maria and Emmart, Carter and Ynnerman, Anders},

  journal = {Journal of Open-Source Software},

  year    = {2017}
}



% ----------------------------------------------------------------------------------------
% --------------------------------------    2018    --------------------------------------
% ----------------------------------------------------------------------------------------

@inproceedings{bock18openspace,
  title     = {{OpenSpace}: Changing the Narrative of Public Disseminations in Astronomical Visualization from \emph{What} to \emph{How}},
  author    = {Bock, Alexander and Emmart, Carter and Kuznetsova, Masha and Ynnerman, Anders},

  booktitle = {Computer Graphics \& Applications},

  year      = {2018 (accepted)}
}
